@book{jahne-digital,
    title={{Digital Image Processing}},
    author={J\"ahne, Bernd},
    year = {2005},
    publisher={Springer-Verlag, Berlin, Heidelberg}
}
@book{1199778,
    author = {{Martinez, Wendy L. and Martinez, Angel R.}},
    title = {{Computational Statistics Handbook with MATLAB, Second Edition}},
    year = {2007},
    isbn = {1584885661},
    publisher = {Chapman \& Hall/CRC},
}
@misc{soereninout,
    title = {{Forel√¶sningsnoter til Dataanalyse}},
    author={Olsen, S. I},
    year = {2010}
}
