@book{jahne-digital,
    title={{Digital Image Processing}},
    author={J\"ahne, Bernd},
    year = {2005},
    publisher={Springer-Verlag, Berlin, Heidelberg}
}

@book{1199778,
    author = {{Martinez, Wendy L. and Martinez, Angel R.}},
    title = {{Computational Statistics Handbook with MATLAB, Second Edition}},
    year = {2007},
    isbn = {1584885661},
    publisher = {Chapman \& Hall/CRC},
}

@misc{soereninout,
    title = {{Forel√¶sningsnoter til Dataanalyse}},
    author={Olsen, S. I},
    year = {2010}
}

@article{mehl2007women,
    title={{Are women really more talkative than men?}},
    author={Mehl, M.R. and Vazire, S. and Ramirez-Esparza, N. and Slatcher, R.B. and Pennebaker, J.W.},
    journal={Science},
    volume={317},
    number={5834},
    pages={82},
    year={2007},
    publisher={AAAS}
}
